@inproceedings{Болотин_Карпов_Рашков_Шкурак_2019, title={Разработка диалоговой системы с интеграцией профиля личности}, volume={5th International Conference on Engineering and Telecommunication EnT-MIPT 2018}, publisher={MIPT}, author={Болотин, Даниил and Карпов, Дмитрий and Рашков, Григорий and Шкурак, Иван}, year={2019},
url={http://2019.en-t.info/old/articles/ent2018-thesis.pdf},
authorconf={1},authorvak={0},authorscopus={0},authorother={0},note = {Конференция проходила 15-16 декабря 2018 года. Место проведения: Москва/Долгопрудный/«Физтехпарк»}}

@article{dream1, title={DREAM technical report for the Alexa Prize 2019}, journal={3rd Proc. Alexa Prize}, author={Kuratov, Yuri and Yusupov, Idris and Baymurzina, Dilyara and Kuznetsov, Denis and Cherniavskii, Daniil and Dmitrievskiy, Alexander and Ermakova, Elena and Ignatov, Fedor and Karpov, Dmitry and Kornev, Daniel and Others}, year={2019},
url={https://m.media-amazon.com/images/G/01/mobile-apps/dex/alexa/alexaprize/assets/challenge3/proceedings/Moscow-DREAM.pdf},
authorother={1},authorvak={0},authorscopus={0},authorconf={0}}
 
@article{dream2, title={DREAM technical report for the Alexa Prize 4}, journal={4th Proc. Alexa Prize}, author={Baymurzina, Dilyara and Kuznetsov, Denis and Evseev, Dmitry and Karpov, Dmitry and Sagirova, Alsu and Peganov, Anton and Ignatov, Fedor and Ermakova, Elena and Cherniavskii, Daniil and Kumeyko, Sergey and Serikov, Oleg and Kuratov, Yury and Ostyakova, Lidiya and Kornev, Daniel and Burtsev, Mikhail}, year={2021},
url={https://assets.amazon.science/ae/d2/d9dd78d244f69f6a8db4ce384ff2/dream-technical-report-for-the-alexa-prize-4.pdf},
authorother={1},authorvak={0},authorscopus={0},authorconf={0}}

@inproceedings{pseudolabel, title={Data pseudo-labeling while adapting BERT for multitask approaches},booktitle={Komp'juternaja Lingvistika i Intellektual'nye Tehnologii}, pages={358--366}, year={2021}, author={Karpov, Dmitry and Burtsev, Michail}, year={2021},
%url={https://www.dialog-21.ru/media/5519/karpovdplusburtsevm079.pdf},
authorvak={0},authorscopus={1},authorconf={1},authorother={0}}

@article{dream1_trudy,  title={Диалоговая система DREAM в конкурсе Alexa Prize Challenge 2019},
  author={Куратов, ЮМ and Юсупов, ИФ and Баймурзина, ДР and Кузнецов, ДП and Чернявский, ДВ and Дмитриевский, А and Ермакова, ЕС and Игнатов, ФС and Карпов, ДА and Корнев, ДА and others},
  journal={Труды Московского физико-технического института},
  DOI={10.53815/20726759_2021_13_3_62},
  volume={13},
  number={3 (51)},
  pages={62--89},
  year={2021},
  author={Куратов Ю.М. и  Юсупов И.Ф. и Баймурзина Д.Р. и Кузнецов Д.П. и Чернявский Д.В. и Дмитриевский А. и Ермакова Е.С. и Игнатов Ф.С. и Карпов Д.А. и Корнев Д.А. и Ли Т.А. и Пугин П.Ю. и Бурцев М.С.},
  url={https://mipt.ru/upload/medialibrary/124/06.pdf},
  authorvak={1},authorother={0},authorscopus={0},authorconf={0}}

@misc{Дуплякин_Дмитрий_Ондар_Ушаков_2021, place={IREG}, title={Свидетельство о депонировании, Texter ocr-cv-nlp-microservice}, number={2018449}, author={Дуплякин, Владислав and Дмитрий, Карпов and Ондар, Адыгжы and Ушаков, Алексей}, year={2021},authorother={0},authorwos={0},authorother={0},authorscopus={0},authorconf={0},authorvak={0} }

@article{rumtl, title={Knowledge Transfer in the Multi-task Encoder-Agnostic Transformer-based Models
(готовится к публикации)},author={Karpov, Dmitry and Konovalov, Vasily},year={2023},journal={Proceedings of the International Conference «Dialogue 2023»},authorscopus={1},authorconf={1},authorvak={0},authorother={0}}

@article{rutopics, title={Monolingual and Cross-Lingual Knowledge Transfer for Topic Classification (готовится к публикации)},author={Karpov, Dmitry and Burtsev, Mikhail},year={2023},journal={Proceedings of AINL 2023},authorscopus={1},authorconf={1},authorvak={0},authorother={0}}

%@article{enmtl, title={Multi-task Transformer-Agnostic Models For Conversational Tasks (на рецензировании)},author={Karpov, Dmitry and Konovalov, Vasily},year={2023},journal={Proceedings of InterSpeech 2023},authorscopus={1},authorconf={1},authorvak={0},authorother={0}}

@article{mtldream, title={DeepPavlov Dream: Platform for Building Multiskill Generative Assistants (готовится к публикации)},author={Dilyara Zharikova, Daniel Kornev, Fedor Ignatov, Maxim Talimanchuk, Dmitry Evseev, Ksenya Petukhova, Veronika Smilga, Dmitry Karpov, Yana Shishkina, Dmitry Kosenko and Mikhail Burtsev},year={2023},journal={Proceedings of ACL Systems Demo 2023},authorscopus={0},authorconf={1},authorvak={0},authorother={0}}
